<record><leader>00000cas a2200000 a 4500</leader><controlfield tag="001">2267443</controlfield><controlfield tag="008">760620d19592008pr wr ne      0   a0eng c</controlfield><datafield ind1=" " ind2=" " tag="010"><subfield code="a">sn 85000252 </subfield></datafield><datafield ind1=" " ind2=" " tag="040"><subfield code="a">PIT</subfield><subfield code="b">eng</subfield><subfield code="c">PIT</subfield><subfield code="d">MUL</subfield><subfield code="d">NSD</subfield><subfield code="d">DLC</subfield><subfield code="d">NJW</subfield><subfield code="d">CNW</subfield><subfield code="d">OCL</subfield><subfield code="d">DLC</subfield><subfield code="d">NYS</subfield><subfield code="d">DLC</subfield><subfield code="d">CRL</subfield><subfield code="d">OCLCQ</subfield><subfield code="d">OCLCA</subfield><subfield code="d">OCLCF</subfield><subfield code="d">CRL</subfield><subfield code="d">PIFAR</subfield><subfield code="d">OCLCA</subfield></datafield><datafield ind1="1" ind2=" " tag="022"><subfield code="a">8750-6122</subfield><subfield code="l">8750-6122</subfield><subfield code="2">1</subfield></datafield><datafield ind1="1" ind2=" " tag="029"><subfield code="a">AU@</subfield><subfield code="b">000020346203</subfield></datafield><datafield ind1=" " ind2=" " tag="032"><subfield code="a">480420</subfield><subfield code="b">USPS</subfield></datafield><datafield ind1=" " ind2=" " tag="037"><subfield code="b">San Juan Star, P.O. Box 364187, San Juan, P.R. 00936-4187</subfield></datafield><datafield ind1="0" ind2=" " tag="041"><subfield code="a">eng</subfield><subfield code="a">spa</subfield></datafield><datafield ind1=" " ind2=" " tag="042"><subfield code="a">nsdp</subfield><subfield code="a">pcc</subfield></datafield><datafield ind1=" " ind2=" " tag="043"><subfield code="a">nwpr---</subfield></datafield><datafield ind1="0" ind2="0" tag="050"><subfield code="a">Newspaper</subfield></datafield><datafield ind1=" " ind2="4" tag="050"><subfield code="a">AN</subfield></datafield><datafield ind1="0" ind2="4" tag="082"><subfield code="a">079.7295</subfield></datafield><datafield ind1=" " ind2=" " tag="096"><subfield code="a">PN4949.S35</subfield><subfield code="b">S194</subfield></datafield><datafield ind1=" " ind2="4" tag="222"><subfield code="a">The San Juan star</subfield></datafield><datafield ind1="0" ind2="4" tag="245"><subfield code="a">The San Juan star.</subfield></datafield><datafield ind1="3" ind2="0" tag="246"><subfield code="a">Star</subfield></datafield><datafield ind1=" " ind2=" " tag="260"><subfield code="a">San Juan, P.R. :</subfield><subfield code="b">San Juan Star Co.,</subfield><subfield code="c">1959-</subfield></datafield><datafield ind1=" " ind2=" " tag="310"><subfield code="a">Weekly,</subfield><subfield code="b">&lt;Dec. 14, 1984-&gt;</subfield></datafield><datafield ind1=" " ind2=" " tag="321"><subfield code="a">Daily</subfield></datafield><datafield ind1="0" ind2=" " tag="362"><subfield code="a">Nov. 2, 1959-</subfield></datafield><datafield ind1="1" ind2=" " tag="362"><subfield code="a">Ceased in Aug. 2008.</subfield><subfield code="z">Information from Los Angeles times article, dated August 31, 2008 (viewed online Jan. 15, 2015).</subfield></datafield><datafield ind1=" " ind2=" " tag="515"><subfield code="a">Publication suspended Oct. 14-&lt;Nov.&gt; 1984.</subfield></datafield><datafield ind1=" " ind2=" " tag="530"><subfield code="a">Also issued on microfilm from Centro de Microfilmacion U.P.R. and the Library of Congress, Photoduplication Service.</subfield></datafield><datafield ind1=" " ind2=" " tag="530"><subfield code="a">Also issued online.</subfield></datafield><datafield ind1=" " ind2=" " tag="546"><subfield code="a">Text chiefly in English with some Spanish, &lt;June 18, 1999-&gt;</subfield></datafield><datafield ind1=" " ind2=" " tag="580"><subfield code="a">Continued in 2009 by: San Juan weekly. Information from "About us" section of San Juan daily star home page.</subfield></datafield><datafield ind1=" " ind2=" " tag="588"><subfield code="a">Latest issue consulted: Year 42, no. 80 (Jan. 20, 2001).</subfield></datafield><datafield ind1=" " ind2="0" tag="651"><subfield code="a">San Juan (P.R.)</subfield><subfield code="v">Newspapers.</subfield></datafield><datafield ind1=" " ind2="0" tag="651"><subfield code="a">Puerto Rico</subfield><subfield code="v">Newspapers.</subfield></datafield><datafield ind1=" " ind2="7" tag="651"><subfield code="a">Puerto Rico.</subfield><subfield code="2">fast</subfield><subfield code="0">(OCoLC)fst01205432</subfield></datafield><datafield ind1=" " ind2="7" tag="651"><subfield code="a">Puerto Rico</subfield><subfield code="z">San Juan.</subfield><subfield code="2">fast</subfield><subfield code="0">(OCoLC)fst01214595</subfield></datafield><datafield ind1=" " ind2="2" tag="650"><subfield code="a">Newspapers.</subfield></datafield><datafield ind1=" " ind2="7" tag="655"><subfield code="a">Newspapers.</subfield><subfield code="2">fast</subfield><subfield code="0">(OCoLC)fst01423814</subfield></datafield><datafield ind1=" " ind2=" " tag="752"><subfield code="a">United States</subfield><subfield code="b">Puerto Rico</subfield><subfield code="d">San Juan.</subfield></datafield><datafield ind1="1" ind2="0" tag="785"><subfield code="t">San juan weekly</subfield></datafield></record>